<?xml version="1.0" encoding="UTF-8"?><collection xmlns="http://www.loc.gov/MARC21/slim"><record><leader>00338nam--2200121-i-4500</leader><controlfield tag="001">000007173</controlfield><controlfield tag="002">20161230</controlfield><controlfield tag="005">20161230201027</controlfield><controlfield tag="008">060222s1000------------r-----000-0-eng-d</controlfield><datafield ind1=" " ind2=" " tag="245"><subfield code="a">Glossary of terms frequently used in cryogenics</subfield></datafield><datafield ind1=" " ind2=" " tag="260"><subfield code="a">New York, American Institute Of Physics, /F.A. Iv+46p</subfield></datafield><datafield ind1=" " ind2=" " tag="700"><subfield code="a">Crane, Langdon T</subfield></datafield><datafield ind1=" " ind2=" " tag="852"><subfield code="a">D.339</subfield></datafield></record></collection>